@ARTICLE{Pillepich2015,
   author = {{Pillepich}, A. and {Madau}, P. and {Mayer}, L.},
    title = "{Building Late-type Spiral Galaxies by In-situ and Ex-situ Star Formation}",
  journal = {\apj},
archivePrefix = "arXiv",
   eprint = {1407.7855},
 keywords = {galaxies: formation, galaxies: structure, Galaxy: evolution, Galaxy: formation, Galaxy: halo, methods: numerical },
     year = 2015,
    month = feb,
   volume = 799,
      eid = {184},
    pages = {184},
}

